<?xml version="1.0" encoding="UTF-8"?><collection xmlns="http://www.loc.gov/MARC21/slim"><record><leader>00397nam--2200145-i-4500</leader><controlfield tag="001">000031816</controlfield><controlfield tag="002">20161230</controlfield><controlfield tag="005">20161230201038</controlfield><controlfield tag="008">060222s1000------------r-----000-0-eng-d</controlfield><datafield ind1=" " ind2=" " tag="080"><subfield code="a">621.59</subfield></datafield><datafield ind1=" " ind2=" " tag="100"><subfield code="a">Meaden, George Terence</subfield></datafield><datafield ind1=" " ind2=" " tag="245"><subfield code="a">Electrical resistence of metals</subfield></datafield><datafield ind1=" " ind2=" " tag="260"><subfield code="a">London, Heywood Books, 1966. Xiv+218p</subfield></datafield><datafield ind1=" " ind2=" " tag="490"><subfield code="a">The International Cryogenics Monograph Series</subfield></datafield><datafield ind1=" " ind2=" " tag="852"><subfield code="a">33106</subfield></datafield></record></collection>